<?xml version="1.0" encoding="UTF-8"?><collection><record><leader>07661ntm a2200685 a 4500</leader><controlfield tag="001">006805266</controlfield><controlfield tag="003">MiAaHDL</controlfield><controlfield tag="005">20190719000000.0</controlfield><controlfield tag="006">m        d        </controlfield><controlfield tag="007">cr bn ---auaua</controlfield><controlfield tag="008">090530q17361737xx            00| ||ara d</controlfield><datafield tag="035" ind1=" " ind2=" "><subfield code="a">(MiU)006805266</subfield></datafield><datafield tag="035" ind1=" " ind2=" "><subfield code="a">sdr-miu006805266</subfield></datafield><datafield tag="040" ind1=" " ind2=" "><subfield code="a">MiU</subfield><subfield code="c">MiU</subfield><subfield code="e">amremm</subfield></datafield><datafield tag="043" ind1=" " ind2=" "><subfield code="a">n-us-mi</subfield></datafield><datafield tag="100" ind1="1" ind2=" "><subfield code="6">880-01</subfield><subfield code="a">Ibn ʻĀṣim, Muḥammad ibn Muḥammad,</subfield><subfield code="d">1359-1426.</subfield></datafield><datafield tag="245" ind1="1" ind2="0"><subfield code="6">880-03</subfield><subfield code="a">Tuḥfat al-ḥukkām fī nukat al-ʻuqūd wa-al-aḥkām wa-yalīhi Kitāb al-mughārasah,</subfield><subfield code="f">[1149, i.e. 1736 or 1737].</subfield></datafield><datafield tag="246" ind1="3" ind2=" "><subfield code="6">880-04</subfield><subfield code="i">Title of second work from colophon on p.217:</subfield><subfield code="a">كتاب التيسير والتسهيل</subfield></datafield><datafield tag="260" ind1=" " ind2=" "><subfield code="c">[1736 or 1737].</subfield></datafield><datafield tag="300" ind1=" " ind2=" "><subfield code="a">111 leaves :</subfield><subfield code="b">paper ;</subfield><subfield code="c">206 x 158 (170-175 x 115) mm.</subfield></datafield><datafield tag="500" ind1=" " ind2=" "><subfield code="a">Shelfmark: Ann Arbor, University of Michigan, Special Collections Library, Isl. Ms. 580</subfield></datafield><datafield tag="500" ind1=" " ind2=" "><subfield code="a">Origin: As appears in colophon on p.217, second work copied by Aḥmad ibn Abī al-Qāsim with transcription completed 1149 [1736 or 7]. Opening work undated, but likely executed in roughly the same period, early to mid 18th century.</subfield></datafield><datafield tag="500" ind1=" " ind2=" "><subfield code="a">Accompanying materials: Acquisitions slip from Yahuda.</subfield></datafield><datafield tag="500" ind1=" " ind2=" "><subfield code="a">Former shelfmark: From inner front cover and spine label, "IL 42c" (likely supplied by Yahuda, see acquisitions slip).</subfield></datafield><datafield tag="500" ind1=" " ind2=" "><subfield code="a">Binding: Pasteboards covered in dark brown leather ; Type II binding (with flap) ; board linings in untinted paper ; upper and lower covers carry blind-stamped scalloped mandorla (filled with symmetrical vegetal composition) with pendants and tooled rule border ; sewn in pink thread, two stations ; worked chevron endbands in pink and black (or dark grey), good condition ; overall in somewhat poor condition with abrasion, staining, lifting of leather (particularly at board edges), exposure and delamination of boards, etc. ; repairs in dark blue or black cloth.</subfield></datafield><datafield tag="500" ind1=" " ind2=" "><subfield code="a">Support: European laid paper of at least two types ; opeing type (first work) with 9 laid lines per cm. (vertical), chain lines spaced 24-26 mm. apart (horizontal), and triple mount watermark with "FB" underneath (see p.10, 38, 39, etc.), sturdy and dense ; second work mainly in a type with 11 laid lines per cm. (vertical), chain lines spaced 23 mm. apart (horizontal), and sun with rays and face (eyes and nose, see p.116, 118, 200, etc.)</subfield></datafield><datafield tag="500" ind1=" " ind2=" "><subfield code="a">Decoration: Section headings rubricated ; textual dividers in the form of three dots.</subfield></datafield><datafield tag="500" ind1=" " ind2=" "><subfield code="a">Script: Maghribī ; two elegant hands with effect of slight tilt to the right, sweeping descenders, etc.</subfield></datafield><datafield tag="500" ind1=" " ind2=" "><subfield code="a">Layout: Written in 17 and 28 lines per page.</subfield></datafield><datafield tag="500" ind1=" " ind2=" "><subfield code="a">Collation: VI+ 2 (14), 2 V(34), V+3 (47), II+3 (54), VI+1 (67), 3 VI(103), IV (111) ; many senions (sexternions) ; second quire of second work (pp.109-132) mistakenly bound before the first quire, hence opening of text appears on p.136 ; foliation in pencil, Western numerals, supplied for second work by inventory cataloguer ; catchwords present ; pagination in pencil, Western numerals, supplied during digitization.</subfield></datafield><datafield tag="500" ind1=" " ind2=" "><subfield code="a">Colophon: [Kitāb al-Taysīr wa-al-tashīl] "Scribal," rectangular, reads "...كمل كتاب التيسير والتسهيل تأليف الشيخ الجليل ابي زيد سيد عبد الرحمن بن عبد القادر ... على يد ناسخه ... احمد بن ابي القاسم ... بتارسخ عام ١١۴۹ ..."</subfield></datafield><datafield tag="500" ind1=" " ind2=" "><subfield code="a">Incipit: [Tuḥfat al-ḥukkām] "قال الشيخ رحمه الله الحمد لله الذي يقضي ولا يقضي عليه جل شانه ... وبعد فالقصد بهذا الرجز تقرير الاحكام بقول موجز ..." ; [Kitāb al-Taysīr wa-al-tashīl] "يقول العبد الفقير الى الله ... عبد الرحمن بن عبد القادر ... الحمد لله الملك القديم العالم العظيم الكريم ... وبعد فلما كان باب المغارسة من جملة ما ينبغي للمؤلفين المختصرين ان يتعرضوا له ... طلب مني بعض اخواننا ... ان اجمع في الباب مسائل [؟] جملة وان اذكر في ذلك احكاما مهمة ... ولما لخصته وهذبته ودرجته وقربته ظهر ان اسميه بالتيسير والتسهيل في ذكر ما اغفله الشيخ خليل من احكام المغارسة والتوليح والتصيير ..."</subfield></datafield><datafield tag="500" ind1=" " ind2=" "><subfield code="a">Title from inscription on opening 'title page' (p.1).</subfield></datafield><datafield tag="500" ind1=" " ind2=" "><subfield code="a">Ms. composite codex.</subfield></datafield><datafield tag="505" ind1="0" ind2=" "><subfield code="a">6. p.218-p.222 : [various excerpts].</subfield></datafield><datafield tag="505" ind1="0" ind2=" "><subfield code="a">5. p.136-p.217 : ['resumes' Kitāb al-Taysīr wa-al-tashīl] / Abū Zayd ʻAbd al-Raḥmān ibn ʻAbd al-Qādir al-Fāsī.</subfield></datafield><datafield tag="505" ind1="0" ind2=" "><subfield code="a">4. p.133-p.135 : [various excerpts].</subfield></datafield><datafield tag="505" ind1="0" ind2=" "><subfield code="a">3. p.109-p.132 : al-Taysīr wa-al-tashīl fī dhikr mā aghfalahu al-shaykh Khalīl min aḥkām al-mughārasah wa-al-tawlīj wa-al-taṣyīr /Abū Zayd ʻAbd al-Raḥmān ibn ʻAbd al-Qādir al-Fāsī.</subfield></datafield><datafield tag="505" ind1="0" ind2=" "><subfield code="a">2. p.107-108 : [various excerpts].</subfield></datafield><datafield tag="505" ind1="0" ind2=" "><subfield code="a">1. p.2-p.106 : Tuḥfat al-ḥukkām fī nukat al-ʻuqūd wa al-aḥkām / Abū Bakr Muḥammad ibn Muḥammad ibn ʻĀṣim al-Gharnaṭī.</subfield></datafield><datafield tag="510" ind1="4" ind2=" "><subfield code="a">Brockelmann, C. GAL,</subfield><subfield code="c">II 460</subfield></datafield><datafield tag="510" ind1="4" ind2=" "><subfield code="a">Schacht, J. "Ibn ʿĀṣim, Abū Bakr Muḥammad b. Muḥammad b. Muḥammad b. Muḥammad b. ʿĀṣim al-Gharnāṭī." EI2,</subfield><subfield code="c">vol. III, p.720, col. 2</subfield></datafield><datafield tag="510" ind1="4" ind2=" "><subfield code="a">Brockelmann, C. GAL,</subfield><subfield code="c">II 264</subfield></datafield><datafield tag="520" ind1="8" ind2=" "><subfield code="a">Fine Maghribī copy of Ibn ʻAṣim's (d.1426) famous treatise of Mālikī law in 1698 rajaz verses, Tuḥfat al-ḥukkām fī nukat al-ʻuqūd wa al-aḥkām followed by al-Taysīr wa-al-tashīl fī dhikr mā aghfalahu al-shaykh Khalīl min aḥkām al-mughārasah wa-al-tawlīj wa-al-taṣyīr, a commentary by ʻAbd al-Raḥmān ibn ʻAbd al-Qādir al-Fāsī (d.1685) on al-Mukhtaṣar, the renowned compendium of Mālikī law by Khalīl ibn Isḥāq al-Jundī (d.1365).</subfield></datafield><datafield tag="538" ind1=" " ind2=" "><subfield code="a">Mode of access: Internet.</subfield></datafield><datafield tag="541" ind1=" " ind2=" "><subfield code="a">Acquired in 1926 from the bookseller Isaac Benjamin S.E. Yahuda via purchase transacted on his behalf by Abraham Shalom Yahuda (1877-1951), his younger brother.</subfield></datafield><datafield tag="546" ind1=" " ind2=" "><subfield code="a">Arabic.</subfield></datafield><datafield tag="561" ind1=" " ind2=" "><subfield code="a">Kabīkaj ("kaykataj") invocation on upper board lining (" يا كيكتج ..." [?]) ; marginal glosses and corrections ; occasional notabilia (side-heads).</subfield></datafield><datafield tag="600" ind1="0" ind2="0"><subfield code="a">Khalīl ibn Isḥāq al-Jundī,</subfield><subfield code="d">-1365?</subfield><subfield code="t">Mukhtaṣar.</subfield></datafield><datafield tag="650" ind1=" " ind2="0"><subfield code="a">Manuscripts, Arabic</subfield><subfield code="z">Michigan</subfield><subfield code="z">Ann Arbor.</subfield></datafield><datafield tag="650" ind1=" " ind2="0"><subfield code="a">Malikites</subfield><subfield code="v">Early works to 1800.</subfield></datafield><datafield tag="650" ind1=" " ind2="0"><subfield code="a">Islamic law</subfield><subfield code="x">Interpretation and construction</subfield><subfield code="v">Early works to 1800.</subfield></datafield><datafield tag="700" ind1="0" ind2=" "><subfield code="6">880-05</subfield><subfield code="a">Aḥmad ibn Abī al-Qāsim,</subfield><subfield code="d">fl.1736,</subfield><subfield code="e">scribe.</subfield></datafield><datafield tag="700" ind1="1" ind2="2"><subfield code="6">880-04</subfield><subfield code="a">Abū Zayd al-Fāsī, ʻAbd al-Raḥmān ibn ʻAbd al-Qādir,</subfield><subfield code="d">1630 or 1631-1684 or 1685.</subfield><subfield code="t">Taysīr wa-al-tashīl fī dhikr mā aghfalahu al-shaykh Khalīl min aḥkām al-mughārasah wa-al-tawlīj wa-al-taṣyīr.</subfield></datafield><datafield tag="773" ind1="0" ind2=" "><subfield code="a">Yahuda Collection.</subfield></datafield><datafield tag="880" ind1="0" ind2=" "><subfield code="6">700-05/</subfield><subfield code="a">احمد بن ابي القاسم,</subfield><subfield code="e">ناسخ.</subfield></datafield><datafield tag="880" ind1="1" ind2="2"><subfield code="6">700-04/</subfield><subfield code="a">ابو زيد الفاسي، عبد الرحمن بن عبد القادر.</subfield><subfield code="t">تيسير والتسهيل في ذكر ما اغفله الشيخ خليل من احكام المغارسة والتوليج والتصيير.</subfield></datafield><datafield tag="880" ind1="3" ind2=" "><subfield code="6">246-04/</subfield><subfield code="a">Kitāb al-Taysīr wa-al-tashīl</subfield></datafield><datafield tag="880" ind1="1" ind2="0"><subfield code="6">245-03/</subfield><subfield code="a">تحفة الحكام في نكت العقود والاحكام ويليه كتاب المغارسة,</subfield><subfield code="f">[1149ه, 1736 أو 1737م].</subfield></datafield><datafield tag="880" ind1="1" ind2=" "><subfield code="6">100-01/</subfield><subfield code="a">ابن عاصم، محمد بن محمد.</subfield></datafield><datafield tag="CID" ind1=" " ind2=" "><subfield code="a">006805266</subfield></datafield><datafield tag="DAT" ind1="0" ind2=" "><subfield code="a">20190719102637.0</subfield><subfield code="b">20190719000000.0</subfield></datafield><datafield tag="DAT" ind1="1" ind2=" "><subfield code="a">20190719090653.0</subfield><subfield code="b">2019-07-19T16:11:29Z</subfield></datafield><datafield tag="DAT" ind1="2" ind2=" "><subfield code="a">2015-10-02T18:00:03Z</subfield></datafield><datafield tag="CAT" ind1=" " ind2=" "><subfield code="a">SDR-MIU</subfield><subfield code="d">EX LIBRIS - ALEPH</subfield><subfield code="l">prepare.pl-004-008</subfield></datafield><datafield tag="FMT" ind1=" " ind2=" "><subfield code="a">BK</subfield></datafield><datafield tag="HOL" ind1=" " ind2=" "><subfield code="0">sdr-miu006805266</subfield><subfield code="a">MiU</subfield><subfield code="b">SDR</subfield><subfield code="c">MIU</subfield><subfield code="p">mdp.39015079127075</subfield><subfield code="s">MIU</subfield><subfield code="1">006805266</subfield></datafield><datafield tag="974" ind1=" " ind2=" "><subfield code="b">MIU</subfield><subfield code="c">MIU</subfield><subfield code="d">20190719</subfield><subfield code="s">lit-dlps-dc</subfield><subfield code="u">mdp.39015079127075</subfield><subfield code="y">1737</subfield><subfield code="r">pd</subfield><subfield code="q">bib</subfield><subfield code="t">non-US bib date2 &lt; 1879</subfield></datafield></record></collection>